<?xml version="1.0" encoding="UTF-8"?><collection xmlns="http://www.loc.gov/MARC21/slim"><record><leader>00355nam--2200121-i-4500</leader><controlfield tag="001">000018138</controlfield><controlfield tag="002">20161230</controlfield><controlfield tag="005">20161230201032</controlfield><controlfield tag="008">060222s1000------------r-----000-0-eng-d</controlfield><datafield ind1=" " ind2=" " tag="100"><subfield code="a">Dekeyser, Willy Et Severin, Amelik</subfield></datafield><datafield ind1=" " ind2=" " tag="245"><subfield code="a">Les dislocations et la croissance des cristaux preface de wyart, j</subfield></datafield><datafield ind1=" " ind2=" " tag="260"><subfield code="a">Paris, Masson, 1955. Viii + 125 P</subfield></datafield><datafield ind1=" " ind2=" " tag="852"><subfield code="a">13176</subfield></datafield></record></collection>